[
  {
    "productID": 553051,
    "productProvider": [
      {
        "product": null,
        "providerID": 14,
        "providerProductName": "ZZU Kartoffeln mehligkochend 1kg",
        "providerProductImageUrl": " https://s7g10.scene7.com/is/image/aldi/202410280612",
        "price": 1.79,
        "productID": 553051,
        "unit": "Kg",
        "unitPrice": "0",
        "unitPriceInt": 0,
        "minWeightStep": 1,
        "maxWeightStep": 24,
        "depositFee": null,
        "isBulk": false,
        "available": true,
        "shopAvailable": null,
        "displayUnit": "Packung",
        "secondaryUnit": null,
        "secondaryUnitPrice": 0,
        "packageQuantity": 0,
        "packageBaseUnit": "gramm",
        "rokshDiscountPrice": null,
        "isOneProductForFree": false,
        "isOffer": false,
        "originalUnitPriceIfOffer": null,
        "originalPriceIfOffer": null,
        "originalSecondaryUnitPriceIfOffer": null,
        "originalSecondaryUnitIfOffer": null,
        "offerValidTo": null,
        "produceVariety": null,
        "qualityClass": "Klasse 2",
        "productProviderProviderDepositProducList": []
      }
    ],
    "category": {
      "categoryName": "Sortiment",
      "progID": "sortiment",
      "level": 2,
      "url": "/angebot///sortiment",
      "categoryID": 1143,
      "brandProviderID": 0,
      "parentCategory": null,
      "childList": [],
      "categoryIconFileName": "",
      "categoryImageFileName": "",
      "isRoot": false,
      "CategoryProviderImage": null,
      "alternativeCategoryProviderID": null
    },
    "productDetails": {
      "allergenic": null,
      "textualNutrition": null,
      "ingredients": null,
      "storing": "",
      "consumption": "",
      "description": "Ob knackige Äpfel, saftige Tomaten oder saisonale Angebote – Eine vielfältige Auswahl an frischem Obst & Gemüse zum HOFER Preis.",
      "packageType": "",
      "serviceDepartment": "",
      "producerAddress": "",
      "supplierAddress": "",
      "supplierPhone": "",
      "supplierWeb": "",
      "manufacturer": null,
      "originCountry": "Österreich",
      "securityAlert": "",
      "preservedName": "",
      "attributes": "",
      "alcoholStr": null,
      "displayUnit": "Packung",
      "secondaryUnit": null,
      "secondaryUnitPrice": 0,
      "productSafetyContactEmail": null,
      "productSafetyContactName": null,
      "productSafetyContactAddress": null,
      "legalDisclaimer": null,
      "promotion": null
    },
    "basketItemID": null,
    "productName": "ZZU Kartoffeln mehligkochend 1kg",
    "brand": null,
    "mediaUrlS": "https://atproductimages.blob.core.windows.net/interface/thumbnail/aa39d79465e04480a57189c681e4e8c3",
    "minWeightStep": 1,
    "isOffer": false,
    "maxWeightStep": 24,
    "startStepValue": -1,
    "depositFee": null,
    "isBulk": false,
    "selectedShopIsBulk": false,
    "sEOName": "ZZU-Kartoffeln-mehligkochend-1kg",
    "categorySEOName": "sortiment",
    "categoryID": 1143,
    "minUnitPrice": 0,
    "unitPrice": 0,
    "priceUnitType": "Kg",
    "price": 1.79,
    "minPrice": 1.79,
    "isDiscountPPDD": null,
    "isDiscountPD": null,
    "description": "Ob knackige Äpfel, saftige Tomaten oder saisonale Angebote – Eine vielfältige Auswahl an frischem Obst & Gemüse zum HOFER Preis.",
    "legalDisclaimer": null,
    "mediaUrlM": "https://atproductimages.blob.core.windows.net/interface/medium/aa39d79465e04480a57189c681e4e8c3",
    "mediaUrlL": "https://atproductimages.blob.core.windows.net/interface/large/aa39d79465e04480a57189c681e4e8c3",
    "available": true,
    "providerAvailable": true,
    "galleryImageUrlList": null,
    "productMediaList": [],
    "providerOrderNumber": 5,
    "manufacturer": null,
    "displayUnit": "Packung",
    "secondaryUnit": null,
    "secondaryUnitPrice": 0,
    "icons": [
      {
        "blobURL": "https://atweshopsiteimages.blob.core.windows.net/provider-icons/14_bio.png",
        "iconTooltip": "Bio"
      }
    ],
    "sEOTitle": null,
    "sEOMetaKeyWords": null,
    "sEOMetaDescripton": null,
    "selectedProviderCode": null,
    "originalPriceIfOffer": null,
    "offerValidTo": "2026-01-29T07:30:46.958602",
    "originalUnitPriceIfOffer": null,
    "originalSecondaryUnitPriceIfOffer": null,
    "originalSecondaryUnitIfOffer": null,
    "rokshDiscountLevel": null,
    "rokshDiscountPrice": null,
    "rokshDiscountBasketValue": null,
    "isProductRokshDiscounted": false,
    "isOneProductForFree": false,
    "providerDepositProductDtoList": [],
    "productProviderID": 14,
    "spinViewerUrl": "",
    "productSafetyContactAddress": null,
    "productSafetyContactEmail": null,
    "productSafetyContactName": null,
    "productCLPList": []
  },
  {
    "productID": 549977,
    "productProvider": [
      {
        "product": null,
        "providerID": 14,
        "providerProductName": "ZURÜCK ZUM URSPRUNG Mini Äpfel 600g",
        "providerProductImageUrl": " https://s7g10.scene7.com/is/image/aldi/202306050481",
        "price": 1.99,
        "productID": 549977,
        "unit": "Kg",
        "unitPrice": "3.32",
        "unitPriceInt": 0,
        "minWeightStep": 1,
        "maxWeightStep": 24,
        "depositFee": null,
        "isBulk": false,
        "available": true,
        "shopAvailable": null,
        "displayUnit": "Packung",
        "secondaryUnit": null,
        "secondaryUnitPrice": 0,
        "packageQuantity": 600,
        "packageBaseUnit": "gramm",
        "rokshDiscountPrice": null,
        "isOneProductForFree": false,
        "isOffer": false,
        "originalUnitPriceIfOffer": null,
        "originalPriceIfOffer": null,
        "originalSecondaryUnitPriceIfOffer": null,
        "originalSecondaryUnitIfOffer": null,
        "offerValidTo": null,
        "produceVariety": "Gala",
        "qualityClass": "Klasse 1",
        "productProviderProviderDepositProducList": []
      }
    ],
    "category": {
      "categoryName": "Sortiment",
      "progID": "sortiment",
      "level": 2,
      "url": "/angebot///sortiment",
      "categoryID": 1143,
      "brandProviderID": 0,
      "parentCategory": null,
      "childList": [],
      "categoryIconFileName": "",
      "categoryImageFileName": "",
      "isRoot": false,
      "CategoryProviderImage": null,
      "alternativeCategoryProviderID": null
    },
    "productDetails": {
      "allergenic": null,
      "textualNutrition": null,
      "ingredients": null,
      "storing": "",
      "consumption": "",
      "description": "Ob knackige Äpfel, saftige Tomaten oder saisonale Angebote – Eine vielfältige Auswahl an frischem Obst & Gemüse zum HOFER Preis. <br><br><a href=\"https://www.zurueckzumursprung.at\" target=\"_blank\">www.zurueckzumursprung.at</a>",
      "packageType": "",
      "serviceDepartment": "",
      "producerAddress": "",
      "supplierAddress": "",
      "supplierPhone": "",
      "supplierWeb": "",
      "manufacturer": null,
      "originCountry": "Österreich",
      "securityAlert": "",
      "preservedName": null,
      "attributes": null,
      "alcoholStr": null,
      "displayUnit": "Packung",
      "secondaryUnit": null,
      "secondaryUnitPrice": 0,
      "productSafetyContactEmail": null,
      "productSafetyContactName": null,
      "productSafetyContactAddress": null,
      "legalDisclaimer": null,
      "promotion": null
    },
    "basketItemID": null,
    "productName": "ZURÜCK ZUM URSPRUNG Mini Äpfel 600g",
    "brand": "ZURÜCK ZUM URSPRUNG",
    "mediaUrlS": "https://atproductimages.blob.core.windows.net/interface/thumbnail/c6d522c05019465c9327d6b448a313bf",
    "minWeightStep": 1,
    "isOffer": false,
    "maxWeightStep": 24,
    "startStepValue": -1,
    "depositFee": null,
    "isBulk": false,
    "selectedShopIsBulk": false,
    "sEOName": "ZURUCK-ZUM-URSPRUNG-Mini-Apfel-600g",
    "categorySEOName": "sortiment",
    "categoryID": 1143,
    "minUnitPrice": 3.32,
    "unitPrice": 3.32,
    "priceUnitType": "Kg",
    "price": 1.99,
    "minPrice": 1.99,
    "isDiscountPPDD": null,
    "isDiscountPD": null,
    "description": "Ob knackige Äpfel, saftige Tomaten oder saisonale Angebote – Eine vielfältige Auswahl an frischem Obst & Gemüse zum HOFER Preis. <br><br><a href=\"https://www.zurueckzumursprung.at\" target=\"_blank\">www.zurueckzumursprung.at</a>",
    "legalDisclaimer": null,
    "mediaUrlM": "https://atproductimages.blob.core.windows.net/interface/medium/c6d522c05019465c9327d6b448a313bf",
    "mediaUrlL": "https://atproductimages.blob.core.windows.net/interface/large/c6d522c05019465c9327d6b448a313bf",
    "available": true,
    "providerAvailable": true,
    "galleryImageUrlList": null,
    "productMediaList": [],
    "providerOrderNumber": 5,
    "manufacturer": null,
    "displayUnit": "Packung",
    "secondaryUnit": null,
    "secondaryUnitPrice": 0,
    "icons": [
      {
        "blobURL": "https://atweshopsiteimages.blob.core.windows.net/provider-icons/14_bio.png",
        "iconTooltip": "Bio"
      }
    ],
    "sEOTitle": null,
    "sEOMetaKeyWords": null,
    "sEOMetaDescripton": null,
    "selectedProviderCode": null,
    "originalPriceIfOffer": null,
    "offerValidTo": "2026-01-29T07:30:46.9561185",
    "originalUnitPriceIfOffer": null,
    "originalSecondaryUnitPriceIfOffer": null,
    "originalSecondaryUnitIfOffer": null,
    "rokshDiscountLevel": null,
    "rokshDiscountPrice": null,
    "rokshDiscountBasketValue": null,
    "isProductRokshDiscounted": false,
    "isOneProductForFree": false,
    "providerDepositProductDtoList": [],
    "productProviderID": 14,
    "spinViewerUrl": "",
    "productSafetyContactAddress": null,
    "productSafetyContactEmail": null,
    "productSafetyContactName": null,
    "productCLPList": []
  },
  {
    "productID": 547295,
    "productProvider": [
      {
        "product": null,
        "providerID": 14,
        "providerProductName": "ZURÜCK ZUM URSPRUNG Karotten 1kg",
        "providerProductImageUrl": "https://s7g10.scene7.com/is/image/aldi/202110040523",
        "price": 1.89,
        "productID": 547295,
        "unit": null,
        "unitPrice": "0",
        "unitPriceInt": 0,
        "minWeightStep": 1,
        "maxWeightStep": 24,
        "depositFee": null,
        "isBulk": false,
        "available": true,
        "shopAvailable": null,
        "displayUnit": "Packung",
        "secondaryUnit": null,
        "secondaryUnitPrice": 0,
        "packageQuantity": 1052,
        "packageBaseUnit": "gramm",
        "rokshDiscountPrice": null,
        "isOneProductForFree": false,
        "isOffer": false,
        "originalUnitPriceIfOffer": null,
        "originalPriceIfOffer": null,
        "originalSecondaryUnitPriceIfOffer": null,
        "originalSecondaryUnitIfOffer": null,
        "offerValidTo": null,
        "produceVariety": null,
        "qualityClass": "Klasse 1",
        "productProviderProviderDepositProducList": []
      }
    ],
    "category": {
      "categoryName": "Sortiment",
      "progID": "sortiment",
      "level": 2,
      "url": "/angebot///sortiment",
      "categoryID": 1143,
      "brandProviderID": 0,
      "parentCategory": null,
      "childList": [],
      "categoryIconFileName": "",
      "categoryImageFileName": "",
      "isRoot": false,
      "CategoryProviderImage": null,
      "alternativeCategoryProviderID": null
    },
    "productDetails": {
      "allergenic": null,
      "textualNutrition": null,
      "ingredients": null,
      "storing": "",
      "consumption": "",
      "description": "Ob knackige Äpfel, saftige Tomaten oder saisonale Angebote – Eine vielfältige Auswahl an frischem Obst & Gemüse zum HOFER Preis. <br><br><a href=\"https://www.zurueckzumursprung.at\" target=\"_blank\">www.zurueckzumursprung.at</a>",
      "packageType": "",
      "serviceDepartment": "",
      "producerAddress": "",
      "supplierAddress": "",
      "supplierPhone": "",
      "supplierWeb": "",
      "manufacturer": null,
      "originCountry": "Österreich",
      "securityAlert": "",
      "preservedName": null,
      "attributes": null,
      "alcoholStr": null,
      "displayUnit": "Packung",
      "secondaryUnit": null,
      "secondaryUnitPrice": 0,
      "productSafetyContactEmail": null,
      "productSafetyContactName": null,
      "productSafetyContactAddress": null,
      "legalDisclaimer": null,
      "promotion": null
    },
    "basketItemID": null,
    "productName": "ZURÜCK ZUM URSPRUNG Karotten 1kg",
    "brand": "ZURÜCK ZUM URSPRUNG",
    "mediaUrlS": "https://atproductimages.blob.core.windows.net/interface/thumbnail/8a3475f44a21452fac0ad5b5701b944f",
    "minWeightStep": 1,
    "isOffer": false,
    "maxWeightStep": 24,
    "startStepValue": -1,
    "depositFee": null,
    "isBulk": false,
    "selectedShopIsBulk": false,
    "sEOName": "ZZU-Karotten-1kg",
    "categorySEOName": "sortiment",
    "categoryID": 1143,
    "minUnitPrice": 0,
    "unitPrice": 0,
    "priceUnitType": null,
    "price": 1.89,
    "minPrice": 1.89,
    "isDiscountPPDD": null,
    "isDiscountPD": null,
    "description": "Ob knackige Äpfel, saftige Tomaten oder saisonale Angebote – Eine vielfältige Auswahl an frischem Obst & Gemüse zum HOFER Preis. <br><br><a href=\"https://www.zurueckzumursprung.at\" target=\"_blank\">www.zurueckzumursprung.at</a>",
    "legalDisclaimer": null,
    "mediaUrlM": "https://atproductimages.blob.core.windows.net/interface/medium/8a3475f44a21452fac0ad5b5701b944f",
    "mediaUrlL": "https://atproductimages.blob.core.windows.net/interface/large/8a3475f44a21452fac0ad5b5701b944f",
    "available": true,
    "providerAvailable": true,
    "galleryImageUrlList": null,
    "productMediaList": [
      {
        "MediaUrlL": "https://atproductimages.blob.core.windows.net/interface/large/7107ffa6c87b4861a4614e63bf255240"
      },
      {
        "MediaUrlL": "https://atproductimages.blob.core.windows.net/interface/large/20fa7f1055454cf38ffe72046236c741"
      }
    ],
    "providerOrderNumber": 15,
    "manufacturer": null,
    "displayUnit": "Packung",
    "secondaryUnit": null,
    "secondaryUnitPrice": 0,
    "icons": [
      {
        "blobURL": "https://atweshopsiteimages.blob.core.windows.net/provider-icons/14_bio.png",
        "iconTooltip": "Bio"
      }
    ],
    "sEOTitle": null,
    "sEOMetaKeyWords": null,
    "sEOMetaDescripton": null,
    "selectedProviderCode": null,
    "originalPriceIfOffer": null,
    "offerValidTo": "2026-01-29T07:30:46.9497641",
    "originalUnitPriceIfOffer": null,
    "originalSecondaryUnitPriceIfOffer": null,
    "originalSecondaryUnitIfOffer": null,
    "rokshDiscountLevel": null,
    "rokshDiscountPrice": null,
    "rokshDiscountBasketValue": null,
    "isProductRokshDiscounted": false,
    "isOneProductForFree": false,
    "providerDepositProductDtoList": [],
    "productProviderID": 14,
    "spinViewerUrl": "",
    "productSafetyContactAddress": null,
    "productSafetyContactEmail": null,
    "productSafetyContactName": null,
    "productCLPList": []
  },
  {
    "productID": 547411,
    "productProvider": [
      {
        "product": null,
        "providerID": 14,
        "providerProductName": "ZURÜCK ZUM URSPRUNG Erdäpfel 1,5kg",
        "providerProductImageUrl": " https://s7g10.scene7.com/is/image/aldi/202110040522",
        "price": 2.35,
        "productID": 547411,
        "unit": "Kg",
        "unitPrice": "1.57",
        "unitPriceInt": 0,
        "minWeightStep": 1,
        "maxWeightStep": 24,
        "depositFee": null,
        "isBulk": false,
        "available": true,
        "shopAvailable": null,
        "displayUnit": "Packung",
        "secondaryUnit": null,
        "secondaryUnitPrice": 0,
        "packageQuantity": 1500,
        "packageBaseUnit": "gramm",
        "rokshDiscountPrice": null,
        "isOneProductForFree": false,
        "isOffer": false,
        "originalUnitPriceIfOffer": null,
        "originalPriceIfOffer": null,
        "originalSecondaryUnitPriceIfOffer": null,
        "originalSecondaryUnitIfOffer": null,
        "offerValidTo": null,
        "produceVariety": null,
        "qualityClass": "Klasse 2",
        "productProviderProviderDepositProducList": []
      }
    ],
    "category": {
      "categoryName": "Sortiment",
      "progID": "sortiment",
      "level": 2,
      "url": "/angebot///sortiment",
      "categoryID": 1143,
      "brandProviderID": 0,
      "parentCategory": null,
      "childList": [],
      "categoryIconFileName": "",
      "categoryImageFileName": "",
      "isRoot": false,
      "CategoryProviderImage": null,
      "alternativeCategoryProviderID": null
    },
    "productDetails": {
      "allergenic": null,
      "textualNutrition": null,
      "ingredients": null,
      "storing": "",
      "consumption": "",
      "description": "Ob knackige Äpfel, saftige Tomaten oder saisonale Angebote – Eine vielfältige Auswahl an frischem Obst & Gemüse zum HOFER Preis. <br><br><a href=\"https://www.zurueckzumursprung.at\" target=\"_blank\">www.zurueckzumursprung.at</a>",
      "packageType": "",
      "serviceDepartment": "",
      "producerAddress": "",
      "supplierAddress": "",
      "supplierPhone": "",
      "supplierWeb": "",
      "manufacturer": null,
      "originCountry": "Österreich",
      "securityAlert": "",
      "preservedName": null,
      "attributes": null,
      "alcoholStr": null,
      "displayUnit": "Packung",
      "secondaryUnit": null,
      "secondaryUnitPrice": 0,
      "productSafetyContactEmail": null,
      "productSafetyContactName": null,
      "productSafetyContactAddress": null,
      "legalDisclaimer": null,
      "promotion": null
    },
    "basketItemID": null,
    "productName": "ZURÜCK ZUM URSPRUNG Erdäpfel 1,5kg",
    "brand": "ZURÜCK ZUM URSPRUNG",
    "mediaUrlS": "https://atproductimages.blob.core.windows.net/interface/thumbnail/afd9176494d94b7da3e37e6a666b04d1",
    "minWeightStep": 1,
    "isOffer": false,
    "maxWeightStep": 24,
    "startStepValue": -1,
    "depositFee": null,
    "isBulk": false,
    "selectedShopIsBulk": false,
    "sEOName": "ZURUCK-ZUM-URSPRUNG-Erdapfel-15-kg",
    "categorySEOName": "sortiment",
    "categoryID": 1143,
    "minUnitPrice": 1.57,
    "unitPrice": 1.57,
    "priceUnitType": "Kg",
    "price": 2.35,
    "minPrice": 2.35,
    "isDiscountPPDD": null,
    "isDiscountPD": null,
    "description": "Ob knackige Äpfel, saftige Tomaten oder saisonale Angebote – Eine vielfältige Auswahl an frischem Obst & Gemüse zum HOFER Preis. <br><br><a href=\"https://www.zurueckzumursprung.at\" target=\"_blank\">www.zurueckzumursprung.at</a>",
    "legalDisclaimer": null,
    "mediaUrlM": "https://atproductimages.blob.core.windows.net/interface/medium/afd9176494d94b7da3e37e6a666b04d1",
    "mediaUrlL": "https://atproductimages.blob.core.windows.net/interface/large/afd9176494d94b7da3e37e6a666b04d1",
    "available": true,
    "providerAvailable": true,
    "galleryImageUrlList": null,
    "productMediaList": [],
    "providerOrderNumber": 15,
    "manufacturer": null,
    "displayUnit": "Packung",
    "secondaryUnit": null,
    "secondaryUnitPrice": 0,
    "icons": [
      {
        "blobURL": "https://atweshopsiteimages.blob.core.windows.net/provider-icons/14_bio.png",
        "iconTooltip": "Bio"
      }
    ],
    "sEOTitle": null,
    "sEOMetaKeyWords": null,
    "sEOMetaDescripton": null,
    "selectedProviderCode": null,
    "originalPriceIfOffer": null,
    "offerValidTo": "2026-01-29T07:30:46.9517792",
    "originalUnitPriceIfOffer": null,
    "originalSecondaryUnitPriceIfOffer": null,
    "originalSecondaryUnitIfOffer": null,
    "rokshDiscountLevel": null,
    "rokshDiscountPrice": null,
    "rokshDiscountBasketValue": null,
    "isProductRokshDiscounted": false,
    "isOneProductForFree": false,
    "providerDepositProductDtoList": [],
    "productProviderID": 14,
    "spinViewerUrl": "",
    "productSafetyContactAddress": null,
    "productSafetyContactEmail": null,
    "productSafetyContactName": null,
    "productCLPList": []
  },
  {
    "productID": 550111,
    "productProvider": [
      {
        "product": null,
        "providerID": 14,
        "providerProductName": "ZURÜCK ZUM URSPRUNG  Zwiebeln gelb 1kg",
        "providerProductImageUrl": " https://s7g10.scene7.com/is/image/aldi/202308110093",
        "price": 2.69,
        "productID": 550111,
        "unit": "Kg",
        "unitPrice": "2.69",
        "unitPriceInt": 0,
        "minWeightStep": 1,
        "maxWeightStep": 24,
        "depositFee": null,
        "isBulk": false,
        "available": true,
        "shopAvailable": null,
        "displayUnit": "Packung",
        "secondaryUnit": null,
        "secondaryUnitPrice": 0,
        "packageQuantity": 1000,
        "packageBaseUnit": "gramm",
        "rokshDiscountPrice": null,
        "isOneProductForFree": false,
        "isOffer": false,
        "originalUnitPriceIfOffer": null,
        "originalPriceIfOffer": null,
        "originalSecondaryUnitPriceIfOffer": null,
        "originalSecondaryUnitIfOffer": null,
        "offerValidTo": null,
        "produceVariety": "gelb",
        "qualityClass": "Klasse 1",
        "productProviderProviderDepositProducList": []
      }
    ],
    "category": {
      "categoryName": "Sortiment",
      "progID": "sortiment",
      "level": 2,
      "url": "/angebot///sortiment",
      "categoryID": 1143,
      "brandProviderID": 0,
      "parentCategory": null,
      "childList": [],
      "categoryIconFileName": "",
      "categoryImageFileName": "",
      "isRoot": false,
      "CategoryProviderImage": null,
      "alternativeCategoryProviderID": null
    },
    "productDetails": {
      "allergenic": null,
      "textualNutrition": null,
      "ingredients": null,
      "storing": "",
      "consumption": "",
      "description": "Ob knackige Äpfel, saftige Tomaten oder saisonale Angebote – Eine vielfältige Auswahl an frischem Obst & Gemüse zum HOFER Preis. <br><br><a href=\"https://www.zurueckzumursprung.at\" target=\"_blank\">www.zurueckzumursprung.at</a>",
      "packageType": "",
      "serviceDepartment": "",
      "producerAddress": "",
      "supplierAddress": "",
      "supplierPhone": "",
      "supplierWeb": "",
      "manufacturer": null,
      "originCountry": "Österreich",
      "securityAlert": "",
      "preservedName": null,
      "attributes": null,
      "alcoholStr": null,
      "displayUnit": "Packung",
      "secondaryUnit": null,
      "secondaryUnitPrice": 0,
      "productSafetyContactEmail": null,
      "productSafetyContactName": null,
      "productSafetyContactAddress": null,
      "legalDisclaimer": null,
      "promotion": null
    },
    "basketItemID": null,
    "productName": "ZURÜCK ZUM URSPRUNG  Zwiebeln gelb 1kg",
    "brand": "ZURÜCK ZUM URSPRUNG",
    "mediaUrlS": "https://atproductimages.blob.core.windows.net/interface/thumbnail/005145349dc948d2ad0f0a098e585e47",
    "minWeightStep": 1,
    "isOffer": false,
    "maxWeightStep": 24,
    "startStepValue": -1,
    "depositFee": null,
    "isBulk": false,
    "selectedShopIsBulk": false,
    "sEOName": "ZURUCK-ZUM-URSPRUNG-Zwiebeln-gelb-1kg",
    "categorySEOName": "sortiment",
    "categoryID": 1143,
    "minUnitPrice": 2.69,
    "unitPrice": 2.69,
    "priceUnitType": "Kg",
    "price": 2.69,
    "minPrice": 2.69,
    "isDiscountPPDD": null,
    "isDiscountPD": null,
    "description": "Ob knackige Äpfel, saftige Tomaten oder saisonale Angebote – Eine vielfältige Auswahl an frischem Obst & Gemüse zum HOFER Preis. <br><br><a href=\"https://www.zurueckzumursprung.at\" target=\"_blank\">www.zurueckzumursprung.at</a>",
    "legalDisclaimer": null,
    "mediaUrlM": "https://atproductimages.blob.core.windows.net/interface/medium/005145349dc948d2ad0f0a098e585e47",
    "mediaUrlL": "https://atproductimages.blob.core.windows.net/interface/large/005145349dc948d2ad0f0a098e585e47",
    "available": true,
    "providerAvailable": true,
    "galleryImageUrlList": null,
    "productMediaList": [],
    "providerOrderNumber": 25,
    "manufacturer": null,
    "displayUnit": "Packung",
    "secondaryUnit": null,
    "secondaryUnitPrice": 0,
    "icons": [
      {
        "blobURL": "https://atweshopsiteimages.blob.core.windows.net/provider-icons/14_bio.png",
        "iconTooltip": "Bio"
      }
    ],
    "sEOTitle": null,
    "sEOMetaKeyWords": null,
    "sEOMetaDescripton": null,
    "selectedProviderCode": null,
    "originalPriceIfOffer": null,
    "offerValidTo": "2026-01-29T07:30:46.9573727",
    "originalUnitPriceIfOffer": null,
    "originalSecondaryUnitPriceIfOffer": null,
    "originalSecondaryUnitIfOffer": null,
    "rokshDiscountLevel": null,
    "rokshDiscountPrice": null,
    "rokshDiscountBasketValue": null,
    "isProductRokshDiscounted": false,
    "isOneProductForFree": false,
    "providerDepositProductDtoList": [],
    "productProviderID": 14,
    "spinViewerUrl": "",
    "productSafetyContactAddress": null,
    "productSafetyContactEmail": null,
    "productSafetyContactName": null,
    "productCLPList": []
  },
  {
    "productID": 543712,
    "productProvider": [
      {
        "product": null,
        "providerID": 14,
        "providerProductName": "ZURÜCK ZUM URSPRUNG Bio Äpfel ",
        "providerProductImageUrl": "https://s7g10.scene7.com/is/image/aldi/202103240086",
        "price": 2.49,
        "productID": 543712,
        "unit": "Kg",
        "unitPrice": "2.49",
        "unitPriceInt": 0,
        "minWeightStep": 0.2,
        "maxWeightStep": 5,
        "depositFee": null,
        "isBulk": true,
        "available": true,
        "shopAvailable": null,
        "displayUnit": "Kg",
        "secondaryUnit": null,
        "secondaryUnitPrice": 0,
        "packageQuantity": 1000,
        "packageBaseUnit": "gramm",
        "rokshDiscountPrice": null,
        "isOneProductForFree": false,
        "isOffer": false,
        "originalUnitPriceIfOffer": null,
        "originalPriceIfOffer": null,
        "originalSecondaryUnitPriceIfOffer": null,
        "originalSecondaryUnitIfOffer": null,
        "offerValidTo": null,
        "produceVariety": "Arlet, Elstar, Gala, Jonagold, Kronprinz Rudolf, Pinova, Topaz",
        "qualityClass": "Klasse 2",
        "productProviderProviderDepositProducList": []
      }
    ],
    "category": {
      "categoryName": "Sortiment",
      "progID": "sortiment",
      "level": 2,
      "url": "/angebot///sortiment",
      "categoryID": 1143,
      "brandProviderID": 0,
      "parentCategory": null,
      "childList": [],
      "categoryIconFileName": "",
      "categoryImageFileName": "",
      "isRoot": false,
      "CategoryProviderImage": null,
      "alternativeCategoryProviderID": null
    },
    "productDetails": {
      "allergenic": null,
      "textualNutrition": null,
      "ingredients": null,
      "storing": "",
      "consumption": "",
      "description": "Ob knackige Äpfel, saftige Tomaten oder saisonale Angebote – Eine vielfältige Auswahl an frischem Obst & Gemüse zum HOFER Preis. <br><br><a href=\"https://www.zurueckzumursprung.at\" target=\"_blank\">www.zurueckzumursprung.at</a>",
      "packageType": "",
      "serviceDepartment": "",
      "producerAddress": "",
      "supplierAddress": "",
      "supplierPhone": "",
      "supplierWeb": "",
      "manufacturer": null,
      "originCountry": "Österreich",
      "securityAlert": "",
      "preservedName": null,
      "attributes": null,
      "alcoholStr": null,
      "displayUnit": "Kg",
      "secondaryUnit": null,
      "secondaryUnitPrice": 0,
      "productSafetyContactEmail": null,
      "productSafetyContactName": null,
      "productSafetyContactAddress": null,
      "legalDisclaimer": null,
      "promotion": null
    },
    "basketItemID": null,
    "productName": "ZURÜCK ZUM URSPRUNG Bio Äpfel ",
    "brand": "ZURÜCK ZUM URSPRUNG",
    "mediaUrlS": "https://atproductimages.blob.core.windows.net/interface/thumbnail/aa9912852451425ca93fe0a70ead11e8",
    "minWeightStep": 0.2,
    "isOffer": false,
    "maxWeightStep": 5,
    "startStepValue": 0.2,
    "depositFee": null,
    "isBulk": true,
    "selectedShopIsBulk": true,
    "sEOName": "ZURUCK-ZUM-URSPRUNG-Bio-Apfel",
    "categorySEOName": "sortiment",
    "categoryID": 1143,
    "minUnitPrice": 2.49,
    "unitPrice": 2.49,
    "priceUnitType": "Kg",
    "price": 2.49,
    "minPrice": 2.49,
    "isDiscountPPDD": null,
    "isDiscountPD": null,
    "description": "Ob knackige Äpfel, saftige Tomaten oder saisonale Angebote – Eine vielfältige Auswahl an frischem Obst & Gemüse zum HOFER Preis. <br><br><a href=\"https://www.zurueckzumursprung.at\" target=\"_blank\">www.zurueckzumursprung.at</a>",
    "legalDisclaimer": null,
    "mediaUrlM": "https://atproductimages.blob.core.windows.net/interface/medium/aa9912852451425ca93fe0a70ead11e8",
    "mediaUrlL": "https://atproductimages.blob.core.windows.net/interface/large/aa9912852451425ca93fe0a70ead11e8",
    "available": true,
    "providerAvailable": true,
    "galleryImageUrlList": null,
    "productMediaList": [
      {
        "MediaUrlL": "https://atproductimages.blob.core.windows.net/interface/large/97c4e2d36b874bfb989fc88a27257144"
      }
    ],
    "providerOrderNumber": 35,
    "manufacturer": null,
    "displayUnit": "Kg",
    "secondaryUnit": null,
    "secondaryUnitPrice": 0,
    "icons": [
      {
        "blobURL": "https://atweshopsiteimages.blob.core.windows.net/provider-icons/14_bio.png",
        "iconTooltip": "Bio"
      }
    ],
    "sEOTitle": null,
    "sEOMetaKeyWords": null,
    "sEOMetaDescripton": null,
    "selectedProviderCode": null,
    "originalPriceIfOffer": null,
    "offerValidTo": "2026-01-29T07:30:46.9481969",
    "originalUnitPriceIfOffer": null,
    "originalSecondaryUnitPriceIfOffer": null,
    "originalSecondaryUnitIfOffer": null,
    "rokshDiscountLevel": null,
    "rokshDiscountPrice": null,
    "rokshDiscountBasketValue": null,
    "isProductRokshDiscounted": false,
    "isOneProductForFree": false,
    "providerDepositProductDtoList": [],
    "productProviderID": 14,
    "spinViewerUrl": "",
    "productSafetyContactAddress": null,
    "productSafetyContactEmail": null,
    "productSafetyContactName": null,
    "productCLPList": []
  },
  {
    "productID": 550102,
    "productProvider": [
      {
        "product": null,
        "providerID": 14,
        "providerProductName": "ZURÜCK ZUM URSPRUNG Knoblauch 150g",
        "providerProductImageUrl": " https://s7g10.scene7.com/is/image/aldi/202308210006",
        "price": 1.99,
        "productID": 550102,
        "unit": "Kg",
        "unitPrice": "13.27",
        "unitPriceInt": 0,
        "minWeightStep": 1,
        "maxWeightStep": 24,
        "depositFee": null,
        "isBulk": false,
        "available": true,
        "shopAvailable": null,
        "displayUnit": "Packung",
        "secondaryUnit": null,
        "secondaryUnitPrice": 0,
        "packageQuantity": 155,
        "packageBaseUnit": "gramm",
        "rokshDiscountPrice": null,
        "isOneProductForFree": false,
        "isOffer": false,
        "originalUnitPriceIfOffer": null,
        "originalPriceIfOffer": null,
        "originalSecondaryUnitPriceIfOffer": null,
        "originalSecondaryUnitIfOffer": null,
        "offerValidTo": null,
        "produceVariety": null,
        "qualityClass": "Klasse 2",
        "productProviderProviderDepositProducList": []
      }
    ],
    "category": {
      "categoryName": "Sortiment",
      "progID": "sortiment",
      "level": 2,
      "url": "/angebot///sortiment",
      "categoryID": 1143,
      "brandProviderID": 0,
      "parentCategory": null,
      "childList": [],
      "categoryIconFileName": "",
      "categoryImageFileName": "",
      "isRoot": false,
      "CategoryProviderImage": null,
      "alternativeCategoryProviderID": null
    },
    "productDetails": {
      "allergenic": null,
      "textualNutrition": null,
      "ingredients": null,
      "storing": "",
      "consumption": "",
      "description": "Ob knackige Äpfel, saftige Tomaten oder saisonale Angebote – Eine vielfältige Auswahl an frischem Obst & Gemüse zum HOFER Preis. <br><br><a href=\"https://www.zurueckzumursprung.at\" target=\"_blank\">www.zurueckzumursprung.at</a>",
      "packageType": "",
      "serviceDepartment": "",
      "producerAddress": "",
      "supplierAddress": "",
      "supplierPhone": "",
      "supplierWeb": "",
      "manufacturer": null,
      "originCountry": "Österreich",
      "securityAlert": "",
      "preservedName": null,
      "attributes": null,
      "alcoholStr": null,
      "displayUnit": "Packung",
      "secondaryUnit": null,
      "secondaryUnitPrice": 0,
      "productSafetyContactEmail": null,
      "productSafetyContactName": null,
      "productSafetyContactAddress": null,
      "legalDisclaimer": null,
      "promotion": null
    },
    "basketItemID": null,
    "productName": "ZURÜCK ZUM URSPRUNG Knoblauch 150g",
    "brand": "ZURÜCK ZUM URSPRUNG",
    "mediaUrlS": "https://atproductimages.blob.core.windows.net/interface/thumbnail/d761e0b3672b4acd9d657def6d2a1b13",
    "minWeightStep": 1,
    "isOffer": false,
    "maxWeightStep": 24,
    "startStepValue": 1,
    "depositFee": null,
    "isBulk": false,
    "selectedShopIsBulk": false,
    "sEOName": "ZZU-Knoblauch-150g",
    "categorySEOName": "sortiment",
    "categoryID": 1143,
    "minUnitPrice": 13.27,
    "unitPrice": 13.27,
    "priceUnitType": "Kg",
    "price": 1.99,
    "minPrice": 1.99,
    "isDiscountPPDD": null,
    "isDiscountPD": null,
    "description": "Ob knackige Äpfel, saftige Tomaten oder saisonale Angebote – Eine vielfältige Auswahl an frischem Obst & Gemüse zum HOFER Preis. <br><br><a href=\"https://www.zurueckzumursprung.at\" target=\"_blank\">www.zurueckzumursprung.at</a>",
    "legalDisclaimer": null,
    "mediaUrlM": "https://atproductimages.blob.core.windows.net/interface/medium/d761e0b3672b4acd9d657def6d2a1b13",
    "mediaUrlL": "https://atproductimages.blob.core.windows.net/interface/large/d761e0b3672b4acd9d657def6d2a1b13",
    "available": true,
    "providerAvailable": true,
    "galleryImageUrlList": null,
    "productMediaList": [],
    "providerOrderNumber": 45,
    "manufacturer": null,
    "displayUnit": "Packung",
    "secondaryUnit": null,
    "secondaryUnitPrice": 0,
    "icons": [
      {
        "blobURL": "https://atweshopsiteimages.blob.core.windows.net/provider-icons/14_bio.png",
        "iconTooltip": "Bio"
      }
    ],
    "sEOTitle": null,
    "sEOMetaKeyWords": null,
    "sEOMetaDescripton": null,
    "selectedProviderCode": null,
    "originalPriceIfOffer": null,
    "offerValidTo": "2026-01-29T07:30:46.9567526",
    "originalUnitPriceIfOffer": null,
    "originalSecondaryUnitPriceIfOffer": null,
    "originalSecondaryUnitIfOffer": null,
    "rokshDiscountLevel": null,
    "rokshDiscountPrice": null,
    "rokshDiscountBasketValue": null,
    "isProductRokshDiscounted": false,
    "isOneProductForFree": false,
    "providerDepositProductDtoList": [],
    "productProviderID": 14,
    "spinViewerUrl": "",
    "productSafetyContactAddress": null,
    "productSafetyContactEmail": null,
    "productSafetyContactName": null,
    "productCLPList": []
  },
  {
    "productID": 547603,
    "productProvider": [
      {
        "product": null,
        "providerID": 14,
        "providerProductName": "ZURÜCK ZUM URSPRUNG Rote Rüben gekocht 500g",
        "providerProductImageUrl": " https://s7g10.scene7.com/is/image/aldi/202110180819",
        "price": 1.79,
        "productID": 547603,
        "unit": "Kg",
        "unitPrice": "3.58",
        "unitPriceInt": 0,
        "minWeightStep": 1,
        "maxWeightStep": 24,
        "depositFee": null,
        "isBulk": false,
        "available": true,
        "shopAvailable": null,
        "displayUnit": "Packung",
        "secondaryUnit": null,
        "secondaryUnitPrice": 0,
        "packageQuantity": 500,
        "packageBaseUnit": "gramm",
        "rokshDiscountPrice": null,
        "isOneProductForFree": false,
        "isOffer": false,
        "originalUnitPriceIfOffer": null,
        "originalPriceIfOffer": null,
        "originalSecondaryUnitPriceIfOffer": null,
        "originalSecondaryUnitIfOffer": null,
        "offerValidTo": null,
        "produceVariety": "Various",
        "qualityClass": "keine Klasse",
        "productProviderProviderDepositProducList": []
      }
    ],
    "category": {
      "categoryName": "Sortiment",
      "progID": "sortiment",
      "level": 2,
      "url": "/angebot///sortiment",
      "categoryID": 1143,
      "brandProviderID": 0,
      "parentCategory": null,
      "childList": [],
      "categoryIconFileName": "",
      "categoryImageFileName": "",
      "isRoot": false,
      "CategoryProviderImage": null,
      "alternativeCategoryProviderID": null
    },
    "productDetails": {
      "allergenic": null,
      "textualNutrition": null,
      "ingredients": null,
      "storing": "",
      "consumption": "",
      "description": "Ob knackige Äpfel, saftige Tomaten oder saisonale Angebote – Eine vielfältige Auswahl an frischem Obst & Gemüse zum HOFER Preis. <br><br><a href=\"https://www.zurueckzumursprung.at\" target=\"_blank\">www.zurueckzumursprung.at</a>",
      "packageType": "",
      "serviceDepartment": "",
      "producerAddress": "",
      "supplierAddress": "",
      "supplierPhone": "",
      "supplierWeb": "",
      "manufacturer": null,
      "originCountry": "Österreich",
      "securityAlert": "",
      "preservedName": null,
      "attributes": null,
      "alcoholStr": null,
      "displayUnit": "Packung",
      "secondaryUnit": null,
      "secondaryUnitPrice": 0,
      "productSafetyContactEmail": null,
      "productSafetyContactName": null,
      "productSafetyContactAddress": null,
      "legalDisclaimer": null,
      "promotion": null
    },
    "basketItemID": null,
    "productName": "ZURÜCK ZUM URSPRUNG Rote Rüben gekocht 500g",
    "brand": "ZURÜCK ZUM URSPRUNG",
    "mediaUrlS": "https://atproductimages.blob.core.windows.net/interface/thumbnail/ed2e9b9c559a493bb28a9f669a7a516d",
    "minWeightStep": 1,
    "isOffer": false,
    "maxWeightStep": 24,
    "startStepValue": -1,
    "depositFee": null,
    "isBulk": false,
    "selectedShopIsBulk": false,
    "sEOName": "ZURUCK-ZUM-URSPRUNG-Rote-Ruben-gekocht-500g",
    "categorySEOName": "sortiment",
    "categoryID": 1143,
    "minUnitPrice": 3.58,
    "unitPrice": 3.58,
    "priceUnitType": "Kg",
    "price": 1.79,
    "minPrice": 1.79,
    "isDiscountPPDD": null,
    "isDiscountPD": null,
    "description": "Ob knackige Äpfel, saftige Tomaten oder saisonale Angebote – Eine vielfältige Auswahl an frischem Obst & Gemüse zum HOFER Preis. <br><br><a href=\"https://www.zurueckzumursprung.at\" target=\"_blank\">www.zurueckzumursprung.at</a>",
    "legalDisclaimer": null,
    "mediaUrlM": "https://atproductimages.blob.core.windows.net/interface/medium/ed2e9b9c559a493bb28a9f669a7a516d",
    "mediaUrlL": "https://atproductimages.blob.core.windows.net/interface/large/ed2e9b9c559a493bb28a9f669a7a516d",
    "available": true,
    "providerAvailable": true,
    "galleryImageUrlList": null,
    "productMediaList": [],
    "providerOrderNumber": 50,
    "manufacturer": null,
    "displayUnit": "Packung",
    "secondaryUnit": null,
    "secondaryUnitPrice": 0,
    "icons": [
      {
        "blobURL": "https://atweshopsiteimages.blob.core.windows.net/provider-icons/14_bio.png",
        "iconTooltip": "Bio"
      }
    ],
    "sEOTitle": null,
    "sEOMetaKeyWords": null,
    "sEOMetaDescripton": null,
    "selectedProviderCode": null,
    "originalPriceIfOffer": null,
    "offerValidTo": "2026-01-29T07:30:46.9536932",
    "originalUnitPriceIfOffer": null,
    "originalSecondaryUnitPriceIfOffer": null,
    "originalSecondaryUnitIfOffer": null,
    "rokshDiscountLevel": null,
    "rokshDiscountPrice": null,
    "rokshDiscountBasketValue": null,
    "isProductRokshDiscounted": false,
    "isOneProductForFree": false,
    "providerDepositProductDtoList": [],
    "productProviderID": 14,
    "spinViewerUrl": "",
    "productSafetyContactAddress": null,
    "productSafetyContactEmail": null,
    "productSafetyContactName": null,
    "productCLPList": []
  },
  {
    "productID": 547600,
    "productProvider": [
      {
        "product": null,
        "providerID": 14,
        "providerProductName": "ZURÜCK ZUM URSPRUNG Wurzelgemüse Pastinaken 500g",
        "providerProductImageUrl": " https://s7g10.scene7.com/is/image/aldi/202110110170",
        "price": 1.99,
        "productID": 547600,
        "unit": "Kg",
        "unitPrice": "3.98",
        "unitPriceInt": 0,
        "minWeightStep": 1,
        "maxWeightStep": 24,
        "depositFee": null,
        "isBulk": false,
        "available": true,
        "shopAvailable": null,
        "displayUnit": "Packung",
        "secondaryUnit": null,
        "secondaryUnitPrice": 0,
        "packageQuantity": 500,
        "packageBaseUnit": "gramm",
        "rokshDiscountPrice": null,
        "isOneProductForFree": false,
        "isOffer": false,
        "originalUnitPriceIfOffer": null,
        "originalPriceIfOffer": null,
        "originalSecondaryUnitPriceIfOffer": null,
        "originalSecondaryUnitIfOffer": null,
        "offerValidTo": null,
        "produceVariety": "Pastinaken, Rote Rüben",
        "qualityClass": "Klasse 2",
        "productProviderProviderDepositProducList": []
      }
    ],
    "category": {
      "categoryName": "Sortiment",
      "progID": "sortiment",
      "level": 2,
      "url": "/angebot///sortiment",
      "categoryID": 1143,
      "brandProviderID": 0,
      "parentCategory": null,
      "childList": [],
      "categoryIconFileName": "",
      "categoryImageFileName": "",
      "isRoot": false,
      "CategoryProviderImage": null,
      "alternativeCategoryProviderID": null
    },
    "productDetails": {
      "allergenic": null,
      "textualNutrition": null,
      "ingredients": null,
      "storing": "",
      "consumption": "",
      "description": "Ob knackige Äpfel, saftige Tomaten oder saisonale Angebote – Eine vielfältige Auswahl an frischem Obst & Gemüse zum HOFER Preis. <br><br><a href=\"https://www.zurueckzumursprung.at\" target=\"_blank\">www.zurueckzumursprung.at</a>",
      "packageType": "",
      "serviceDepartment": "",
      "producerAddress": "",
      "supplierAddress": "",
      "supplierPhone": "",
      "supplierWeb": "",
      "manufacturer": null,
      "originCountry": "Österreich",
      "securityAlert": "",
      "preservedName": null,
      "attributes": null,
      "alcoholStr": null,
      "displayUnit": "Packung",
      "secondaryUnit": null,
      "secondaryUnitPrice": 0,
      "productSafetyContactEmail": null,
      "productSafetyContactName": null,
      "productSafetyContactAddress": null,
      "legalDisclaimer": null,
      "promotion": null
    },
    "basketItemID": null,
    "productName": "ZURÜCK ZUM URSPRUNG Wurzelgemüse Pastinaken 500g",
    "brand": "ZURÜCK ZUM URSPRUNG",
    "mediaUrlS": "https://atproductimages.blob.core.windows.net/interface/thumbnail/3a591fbe5f47439d8167ac7b175bd28a",
    "minWeightStep": 1,
    "isOffer": false,
    "maxWeightStep": 24,
    "startStepValue": -1,
    "depositFee": null,
    "isBulk": false,
    "selectedShopIsBulk": false,
    "sEOName": "ZZU-Wurzelgemuese-Pastinaken-500g",
    "categorySEOName": "sortiment",
    "categoryID": 1143,
    "minUnitPrice": 3.98,
    "unitPrice": 3.98,
    "priceUnitType": "Kg",
    "price": 1.99,
    "minPrice": 1.99,
    "isDiscountPPDD": null,
    "isDiscountPD": null,
    "description": "Ob knackige Äpfel, saftige Tomaten oder saisonale Angebote – Eine vielfältige Auswahl an frischem Obst & Gemüse zum HOFER Preis. <br><br><a href=\"https://www.zurueckzumursprung.at\" target=\"_blank\">www.zurueckzumursprung.at</a>",
    "legalDisclaimer": null,
    "mediaUrlM": "https://atproductimages.blob.core.windows.net/interface/medium/3a591fbe5f47439d8167ac7b175bd28a",
    "mediaUrlL": "https://atproductimages.blob.core.windows.net/interface/large/3a591fbe5f47439d8167ac7b175bd28a",
    "available": true,
    "providerAvailable": true,
    "galleryImageUrlList": null,
    "productMediaList": [],
    "providerOrderNumber": 50,
    "manufacturer": null,
    "displayUnit": "Packung",
    "secondaryUnit": null,
    "secondaryUnitPrice": 0,
    "icons": [
      {
        "blobURL": "https://atweshopsiteimages.blob.core.windows.net/provider-icons/14_bio.png",
        "iconTooltip": "Bio"
      }
    ],
    "sEOTitle": null,
    "sEOMetaKeyWords": null,
    "sEOMetaDescripton": null,
    "selectedProviderCode": null,
    "originalPriceIfOffer": null,
    "offerValidTo": "2026-01-29T07:30:46.9530678",
    "originalUnitPriceIfOffer": null,
    "originalSecondaryUnitPriceIfOffer": null,
    "originalSecondaryUnitIfOffer": null,
    "rokshDiscountLevel": null,
    "rokshDiscountPrice": null,
    "rokshDiscountBasketValue": null,
    "isProductRokshDiscounted": false,
    "isOneProductForFree": false,
    "providerDepositProductDtoList": [],
    "productProviderID": 14,
    "spinViewerUrl": "",
    "productSafetyContactAddress": null,
    "productSafetyContactEmail": null,
    "productSafetyContactName": null,
    "productCLPList": []
  },
  {
    "productID": 548053,
    "productProvider": [
      {
        "product": null,
        "providerID": 14,
        "providerProductName": "ZURÜCK ZUM URSPRUNG Premium Erdäpfel 1,5kg",
        "providerProductImageUrl": " https://s7g10.scene7.com/is/image/aldi/202112150031",
        "price": 2.39,
        "productID": 548053,
        "unit": "Kg",
        "unitPrice": "1.59",
        "unitPriceInt": 0,
        "minWeightStep": 1,
        "maxWeightStep": 24,
        "depositFee": null,
        "isBulk": false,
        "available": true,
        "shopAvailable": null,
        "displayUnit": "Packung",
        "secondaryUnit": null,
        "secondaryUnitPrice": 0,
        "packageQuantity": 1500,
        "packageBaseUnit": "gramm",
        "rokshDiscountPrice": null,
        "isOneProductForFree": false,
        "isOffer": false,
        "originalUnitPriceIfOffer": null,
        "originalPriceIfOffer": null,
        "originalSecondaryUnitPriceIfOffer": null,
        "originalSecondaryUnitIfOffer": null,
        "offerValidTo": null,
        "produceVariety": "festkochend",
        "qualityClass": "Klasse 1",
        "productProviderProviderDepositProducList": []
      }
    ],
    "category": {
      "categoryName": "Sortiment",
      "progID": "sortiment",
      "level": 2,
      "url": "/angebot///sortiment",
      "categoryID": 1143,
      "brandProviderID": 0,
      "parentCategory": null,
      "childList": [],
      "categoryIconFileName": "",
      "categoryImageFileName": "",
      "isRoot": false,
      "CategoryProviderImage": null,
      "alternativeCategoryProviderID": null
    },
    "productDetails": {
      "allergenic": null,
      "textualNutrition": null,
      "ingredients": null,
      "storing": "",
      "consumption": "",
      "description": "Ob knackige Äpfel, saftige Tomaten oder saisonale Angebote – Eine vielfältige Auswahl an frischem Obst & Gemüse zum HOFER Preis.",
      "packageType": "",
      "serviceDepartment": "",
      "producerAddress": "",
      "supplierAddress": "",
      "supplierPhone": "",
      "supplierWeb": "",
      "manufacturer": null,
      "originCountry": "Österreich",
      "securityAlert": "",
      "preservedName": null,
      "attributes": null,
      "alcoholStr": null,
      "displayUnit": "Packung",
      "secondaryUnit": null,
      "secondaryUnitPrice": 0,
      "productSafetyContactEmail": null,
      "productSafetyContactName": null,
      "productSafetyContactAddress": null,
      "legalDisclaimer": null,
      "promotion": null
    },
    "basketItemID": null,
    "productName": "ZURÜCK ZUM URSPRUNG Premium Erdäpfel 1,5kg",
    "brand": null,
    "mediaUrlS": "https://atproductimages.blob.core.windows.net/interface/thumbnail/0cfe78cfea6f4ae99d7cf8f47d1e4b3b",
    "minWeightStep": 1,
    "isOffer": false,
    "maxWeightStep": 24,
    "startStepValue": -1,
    "depositFee": null,
    "isBulk": false,
    "selectedShopIsBulk": false,
    "sEOName": "ZURUCK-ZUM-URSPRUNG-Premium-Erdapfel-15-kg",
    "categorySEOName": "sortiment",
    "categoryID": 1143,
    "minUnitPrice": 1.59,
    "unitPrice": 1.59,
    "priceUnitType": "Kg",
    "price": 2.39,
    "minPrice": 2.39,
    "isDiscountPPDD": null,
    "isDiscountPD": null,
    "description": "Ob knackige Äpfel, saftige Tomaten oder saisonale Angebote – Eine vielfältige Auswahl an frischem Obst & Gemüse zum HOFER Preis.",
    "legalDisclaimer": null,
    "mediaUrlM": "https://atproductimages.blob.core.windows.net/interface/medium/0cfe78cfea6f4ae99d7cf8f47d1e4b3b",
    "mediaUrlL": "https://atproductimages.blob.core.windows.net/interface/large/0cfe78cfea6f4ae99d7cf8f47d1e4b3b",
    "available": true,
    "providerAvailable": true,
    "galleryImageUrlList": null,
    "productMediaList": [],
    "providerOrderNumber": 50,
    "manufacturer": null,
    "displayUnit": "Packung",
    "secondaryUnit": null,
    "secondaryUnitPrice": 0,
    "icons": [
      {
        "blobURL": "https://atweshopsiteimages.blob.core.windows.net/provider-icons/14_bio.png",
        "iconTooltip": "Bio"
      }
    ],
    "sEOTitle": null,
    "sEOMetaKeyWords": null,
    "sEOMetaDescripton": null,
    "selectedProviderCode": null,
    "originalPriceIfOffer": null,
    "offerValidTo": "2026-01-29T07:30:46.9543019",
    "originalUnitPriceIfOffer": null,
    "originalSecondaryUnitPriceIfOffer": null,
    "originalSecondaryUnitIfOffer": null,
    "rokshDiscountLevel": null,
    "rokshDiscountPrice": null,
    "rokshDiscountBasketValue": null,
    "isProductRokshDiscounted": false,
    "isOneProductForFree": false,
    "providerDepositProductDtoList": [],
    "productProviderID": 14,
    "spinViewerUrl": "",
    "productSafetyContactAddress": null,
    "productSafetyContactEmail": null,
    "productSafetyContactName": null,
    "productCLPList": []
  },
  {
    "productID": 547410,
    "productProvider": [
      {
        "product": null,
        "providerID": 14,
        "providerProductName": "ZURÜCK ZUM URSPRUNG Suppengemuese 500g",
        "providerProductImageUrl": "https://s7g10.scene7.com/is/image/aldi/202110040498",
        "price": 2.49,
        "productID": 547410,
        "unit": "Kg",
        "unitPrice": "4.98",
        "unitPriceInt": 0,
        "minWeightStep": 1,
        "maxWeightStep": 24,
        "depositFee": null,
        "isBulk": false,
        "available": true,
        "shopAvailable": null,
        "displayUnit": "Packung",
        "secondaryUnit": null,
        "secondaryUnitPrice": 0,
        "packageQuantity": 500,
        "packageBaseUnit": "gramm",
        "rokshDiscountPrice": null,
        "isOneProductForFree": false,
        "isOffer": false,
        "originalUnitPriceIfOffer": null,
        "originalPriceIfOffer": null,
        "originalSecondaryUnitPriceIfOffer": null,
        "originalSecondaryUnitIfOffer": null,
        "offerValidTo": null,
        "produceVariety": null,
        "qualityClass": "Klasse 1",
        "productProviderProviderDepositProducList": []
      }
    ],
    "category": {
      "categoryName": "Sortiment",
      "progID": "sortiment",
      "level": 2,
      "url": "/angebot///sortiment",
      "categoryID": 1143,
      "brandProviderID": 0,
      "parentCategory": null,
      "childList": [],
      "categoryIconFileName": "",
      "categoryImageFileName": "",
      "isRoot": false,
      "CategoryProviderImage": null,
      "alternativeCategoryProviderID": null
    },
    "productDetails": {
      "allergenic": null,
      "textualNutrition": null,
      "ingredients": null,
      "storing": "",
      "consumption": "",
      "description": "Ob knackige Äpfel, saftige Tomaten oder saisonale Angebote – Eine vielfältige Auswahl an frischem Obst & Gemüse zum HOFER Preis. <br><br><a href=\"https://www.zurueckzumursprung.at\" target=\"_blank\">www.zurueckzumursprung.at</a>",
      "packageType": "",
      "serviceDepartment": "",
      "producerAddress": "",
      "supplierAddress": "",
      "supplierPhone": "",
      "supplierWeb": "",
      "manufacturer": null,
      "originCountry": "Österreich",
      "securityAlert": "",
      "preservedName": null,
      "attributes": null,
      "alcoholStr": null,
      "displayUnit": "Packung",
      "secondaryUnit": null,
      "secondaryUnitPrice": 0,
      "productSafetyContactEmail": null,
      "productSafetyContactName": null,
      "productSafetyContactAddress": null,
      "legalDisclaimer": null,
      "promotion": null
    },
    "basketItemID": null,
    "productName": "ZURÜCK ZUM URSPRUNG Suppengemuese 500g",
    "brand": "ZURÜCK ZUM URSPRUNG",
    "mediaUrlS": "https://atproductimages.blob.core.windows.net/interface/thumbnail/423f64db51184178b6e976132a07c47f",
    "minWeightStep": 1,
    "isOffer": false,
    "maxWeightStep": 24,
    "startStepValue": 1,
    "depositFee": null,
    "isBulk": false,
    "selectedShopIsBulk": false,
    "sEOName": "ZURUCK-ZUM-URSPRUNG-Suppengemuse-500-g",
    "categorySEOName": "sortiment",
    "categoryID": 1143,
    "minUnitPrice": 4.98,
    "unitPrice": 4.98,
    "priceUnitType": "Kg",
    "price": 2.49,
    "minPrice": 2.49,
    "isDiscountPPDD": null,
    "isDiscountPD": null,
    "description": "Ob knackige Äpfel, saftige Tomaten oder saisonale Angebote – Eine vielfältige Auswahl an frischem Obst & Gemüse zum HOFER Preis. <br><br><a href=\"https://www.zurueckzumursprung.at\" target=\"_blank\">www.zurueckzumursprung.at</a>",
    "legalDisclaimer": null,
    "mediaUrlM": "https://atproductimages.blob.core.windows.net/interface/medium/423f64db51184178b6e976132a07c47f",
    "mediaUrlL": "https://atproductimages.blob.core.windows.net/interface/large/423f64db51184178b6e976132a07c47f",
    "available": true,
    "providerAvailable": true,
    "galleryImageUrlList": null,
    "productMediaList": [],
    "providerOrderNumber": 50,
    "manufacturer": null,
    "displayUnit": "Packung",
    "secondaryUnit": null,
    "secondaryUnitPrice": 0,
    "icons": [
      {
        "blobURL": "https://atweshopsiteimages.blob.core.windows.net/provider-icons/14_bio.png",
        "iconTooltip": "Bio"
      }
    ],
    "sEOTitle": null,
    "sEOMetaKeyWords": null,
    "sEOMetaDescripton": null,
    "selectedProviderCode": null,
    "originalPriceIfOffer": null,
    "offerValidTo": "2026-01-29T07:30:46.9511094",
    "originalUnitPriceIfOffer": null,
    "originalSecondaryUnitPriceIfOffer": null,
    "originalSecondaryUnitIfOffer": null,
    "rokshDiscountLevel": null,
    "rokshDiscountPrice": null,
    "rokshDiscountBasketValue": null,
    "isProductRokshDiscounted": false,
    "isOneProductForFree": false,
    "providerDepositProductDtoList": [],
    "productProviderID": 14,
    "spinViewerUrl": "",
    "productSafetyContactAddress": null,
    "productSafetyContactEmail": null,
    "productSafetyContactName": null,
    "productCLPList": []
  },
  {
    "productID": 547592,
    "productProvider": [
      {
        "product": null,
        "providerID": 14,
        "providerProductName": "ZURÜCK ZUM URSPRUNG Sellerie lose",
        "providerProductImageUrl": " https://s7g10.scene7.com/is/image/aldi/202110040540",
        "price": 2.49,
        "productID": 547592,
        "unit": "Kg",
        "unitPrice": "2.49",
        "unitPriceInt": 0,
        "minWeightStep": 0.1,
        "maxWeightStep": 10,
        "depositFee": null,
        "isBulk": true,
        "available": true,
        "shopAvailable": null,
        "displayUnit": "Kg",
        "secondaryUnit": null,
        "secondaryUnitPrice": 0,
        "packageQuantity": 1000,
        "packageBaseUnit": "gramm",
        "rokshDiscountPrice": null,
        "isOneProductForFree": false,
        "isOffer": false,
        "originalUnitPriceIfOffer": null,
        "originalPriceIfOffer": null,
        "originalSecondaryUnitPriceIfOffer": null,
        "originalSecondaryUnitIfOffer": null,
        "offerValidTo": null,
        "produceVariety": null,
        "qualityClass": "Klasse 2",
        "productProviderProviderDepositProducList": []
      }
    ],
    "category": {
      "categoryName": "Sortiment",
      "progID": "sortiment",
      "level": 2,
      "url": "/angebot///sortiment",
      "categoryID": 1143,
      "brandProviderID": 0,
      "parentCategory": null,
      "childList": [],
      "categoryIconFileName": "",
      "categoryImageFileName": "",
      "isRoot": false,
      "CategoryProviderImage": null,
      "alternativeCategoryProviderID": null
    },
    "productDetails": {
      "allergenic": null,
      "textualNutrition": null,
      "ingredients": null,
      "storing": "",
      "consumption": "",
      "description": "Ob knackige Äpfel, saftige Tomaten oder saisonale Angebote – Eine vielfältige Auswahl an frischem Obst & Gemüse zum HOFER Preis. <br><br><a href=\"https://www.zurueckzumursprung.at\" target=\"_blank\">www.zurueckzumursprung.at</a>",
      "packageType": "",
      "serviceDepartment": "",
      "producerAddress": "",
      "supplierAddress": "",
      "supplierPhone": "",
      "supplierWeb": "",
      "manufacturer": null,
      "originCountry": "Österreich",
      "securityAlert": "",
      "preservedName": null,
      "attributes": null,
      "alcoholStr": null,
      "displayUnit": "Kg",
      "secondaryUnit": null,
      "secondaryUnitPrice": 0,
      "productSafetyContactEmail": null,
      "productSafetyContactName": null,
      "productSafetyContactAddress": null,
      "legalDisclaimer": null,
      "promotion": null
    },
    "basketItemID": null,
    "productName": "ZURÜCK ZUM URSPRUNG Sellerie lose",
    "brand": "ZURÜCK ZUM URSPRUNG",
    "mediaUrlS": "https://atproductimages.blob.core.windows.net/interface/thumbnail/a4f49eaf523e40669792eb39ac0699f3",
    "minWeightStep": 0.1,
    "isOffer": false,
    "maxWeightStep": 10,
    "startStepValue": 0.3,
    "depositFee": null,
    "isBulk": true,
    "selectedShopIsBulk": true,
    "sEOName": "ZURUCK-ZUM-URSPRUNG-Sellerie-lose",
    "categorySEOName": "sortiment",
    "categoryID": 1143,
    "minUnitPrice": 2.49,
    "unitPrice": 2.49,
    "priceUnitType": "Kg",
    "price": 2.49,
    "minPrice": 2.49,
    "isDiscountPPDD": null,
    "isDiscountPD": null,
    "description": "Ob knackige Äpfel, saftige Tomaten oder saisonale Angebote – Eine vielfältige Auswahl an frischem Obst & Gemüse zum HOFER Preis. <br><br><a href=\"https://www.zurueckzumursprung.at\" target=\"_blank\">www.zurueckzumursprung.at</a>",
    "legalDisclaimer": null,
    "mediaUrlM": "https://atproductimages.blob.core.windows.net/interface/medium/a4f49eaf523e40669792eb39ac0699f3",
    "mediaUrlL": "https://atproductimages.blob.core.windows.net/interface/large/a4f49eaf523e40669792eb39ac0699f3",
    "available": true,
    "providerAvailable": true,
    "galleryImageUrlList": null,
    "productMediaList": [],
    "providerOrderNumber": 50,
    "manufacturer": null,
    "displayUnit": "Kg",
    "secondaryUnit": null,
    "secondaryUnitPrice": 0,
    "icons": [
      {
        "blobURL": "https://atweshopsiteimages.blob.core.windows.net/provider-icons/14_bio.png",
        "iconTooltip": "Bio"
      }
    ],
    "sEOTitle": null,
    "sEOMetaKeyWords": null,
    "sEOMetaDescripton": null,
    "selectedProviderCode": null,
    "originalPriceIfOffer": null,
    "offerValidTo": "2026-01-29T07:30:46.9523864",
    "originalUnitPriceIfOffer": null,
    "originalSecondaryUnitPriceIfOffer": null,
    "originalSecondaryUnitIfOffer": null,
    "rokshDiscountLevel": null,
    "rokshDiscountPrice": null,
    "rokshDiscountBasketValue": null,
    "isProductRokshDiscounted": false,
    "isOneProductForFree": false,
    "providerDepositProductDtoList": [],
    "productProviderID": 14,
    "spinViewerUrl": "",
    "productSafetyContactAddress": null,
    "productSafetyContactEmail": null,
    "productSafetyContactName": null,
    "productCLPList": []
  },
  {
    "productID": 552575,
    "productProvider": [
      {
        "product": null,
        "providerID": 14,
        "providerProductName": "ZZU Karotten 2kg",
        "providerProductImageUrl": " https://s7g10.scene7.com/is/image/aldi/202503130004",
        "price": 3.29,
        "productID": 552575,
        "unit": "Kg",
        "unitPrice": "1.65",
        "unitPriceInt": 0,
        "minWeightStep": 1,
        "maxWeightStep": 24,
        "depositFee": null,
        "isBulk": false,
        "available": true,
        "shopAvailable": null,
        "displayUnit": "Packung",
        "secondaryUnit": null,
        "secondaryUnitPrice": 0,
        "packageQuantity": 0,
        "packageBaseUnit": "gramm",
        "rokshDiscountPrice": null,
        "isOneProductForFree": false,
        "isOffer": false,
        "originalUnitPriceIfOffer": null,
        "originalPriceIfOffer": null,
        "originalSecondaryUnitPriceIfOffer": null,
        "originalSecondaryUnitIfOffer": null,
        "offerValidTo": null,
        "produceVariety": null,
        "qualityClass": "Klasse 1",
        "productProviderProviderDepositProducList": []
      }
    ],
    "category": {
      "categoryName": "Sortiment",
      "progID": "sortiment",
      "level": 2,
      "url": "/angebot///sortiment",
      "categoryID": 1143,
      "brandProviderID": 0,
      "parentCategory": null,
      "childList": [],
      "categoryIconFileName": "",
      "categoryImageFileName": "",
      "isRoot": false,
      "CategoryProviderImage": null,
      "alternativeCategoryProviderID": null
    },
    "productDetails": {
      "allergenic": null,
      "textualNutrition": null,
      "ingredients": null,
      "storing": "",
      "consumption": "",
      "description": "Ob knackige Äpfel, saftige Tomaten oder saisonale Angebote – Eine vielfältige Auswahl an frischem Obst & Gemüse zum HOFER Preis.",
      "packageType": "",
      "serviceDepartment": "",
      "producerAddress": "",
      "supplierAddress": "",
      "supplierPhone": "",
      "supplierWeb": "",
      "manufacturer": null,
      "originCountry": "Österreich",
      "securityAlert": "",
      "preservedName": "",
      "attributes": "",
      "alcoholStr": null,
      "displayUnit": "Packung",
      "secondaryUnit": null,
      "secondaryUnitPrice": 0,
      "productSafetyContactEmail": null,
      "productSafetyContactName": null,
      "productSafetyContactAddress": null,
      "legalDisclaimer": null,
      "promotion": null
    },
    "basketItemID": null,
    "productName": "ZZU Karotten 2kg",
    "brand": null,
    "mediaUrlS": "https://atproductimages.blob.core.windows.net/interface/thumbnail/c6312bbb2a9547f18e655e78c4e2d4db",
    "minWeightStep": 1,
    "isOffer": false,
    "maxWeightStep": 24,
    "startStepValue": -1,
    "depositFee": null,
    "isBulk": false,
    "selectedShopIsBulk": false,
    "sEOName": "ZZU-Karotten-2kg",
    "categorySEOName": "sortiment",
    "categoryID": 1143,
    "minUnitPrice": 1.65,
    "unitPrice": 1.65,
    "priceUnitType": "Kg",
    "price": 3.29,
    "minPrice": 3.29,
    "isDiscountPPDD": null,
    "isDiscountPD": null,
    "description": "Ob knackige Äpfel, saftige Tomaten oder saisonale Angebote – Eine vielfältige Auswahl an frischem Obst & Gemüse zum HOFER Preis.",
    "legalDisclaimer": null,
    "mediaUrlM": "https://atproductimages.blob.core.windows.net/interface/medium/c6312bbb2a9547f18e655e78c4e2d4db",
    "mediaUrlL": "https://atproductimages.blob.core.windows.net/interface/large/c6312bbb2a9547f18e655e78c4e2d4db",
    "available": true,
    "providerAvailable": true,
    "galleryImageUrlList": null,
    "productMediaList": [],
    "providerOrderNumber": 50,
    "manufacturer": null,
    "displayUnit": "Packung",
    "secondaryUnit": null,
    "secondaryUnitPrice": 0,
    "icons": [
      {
        "blobURL": "https://atweshopsiteimages.blob.core.windows.net/provider-icons/14_bio.png",
        "iconTooltip": "Bio"
      }
    ],
    "sEOTitle": null,
    "sEOMetaKeyWords": null,
    "sEOMetaDescripton": null,
    "selectedProviderCode": null,
    "originalPriceIfOffer": null,
    "offerValidTo": "2026-01-29T07:30:46.9579878",
    "originalUnitPriceIfOffer": null,
    "originalSecondaryUnitPriceIfOffer": null,
    "originalSecondaryUnitIfOffer": null,
    "rokshDiscountLevel": null,
    "rokshDiscountPrice": null,
    "rokshDiscountBasketValue": null,
    "isProductRokshDiscounted": false,
    "isOneProductForFree": false,
    "providerDepositProductDtoList": [],
    "productProviderID": 14,
    "spinViewerUrl": "",
    "productSafetyContactAddress": null,
    "productSafetyContactEmail": null,
    "productSafetyContactName": null,
    "productCLPList": []
  },
  {
    "productID": 547305,
    "productProvider": [
      {
        "product": null,
        "providerID": 14,
        "providerProductName": "ZURÜCK ZUM URSPRUNG Äpfel 1,5kg",
        "providerProductImageUrl": "https://s7g10.scene7.com/is/image/aldi/202110040536",
        "price": 3.49,
        "productID": 547305,
        "unit": "Kg",
        "unitPrice": "2.33",
        "unitPriceInt": 0,
        "minWeightStep": 1,
        "maxWeightStep": 24,
        "depositFee": null,
        "isBulk": false,
        "available": true,
        "shopAvailable": null,
        "displayUnit": "Packung",
        "secondaryUnit": null,
        "secondaryUnitPrice": 0,
        "packageQuantity": 1500,
        "packageBaseUnit": "gramm",
        "rokshDiscountPrice": null,
        "isOneProductForFree": false,
        "isOffer": false,
        "originalUnitPriceIfOffer": null,
        "originalPriceIfOffer": null,
        "originalSecondaryUnitPriceIfOffer": null,
        "originalSecondaryUnitIfOffer": null,
        "offerValidTo": null,
        "produceVariety": "Arlet, Elstar, Gala, Idared, Jonagold, Opal, Pinova, Topaz",
        "qualityClass": "Klasse 2",
        "productProviderProviderDepositProducList": []
      }
    ],
    "category": {
      "categoryName": "Sortiment",
      "progID": "sortiment",
      "level": 2,
      "url": "/angebot///sortiment",
      "categoryID": 1143,
      "brandProviderID": 0,
      "parentCategory": null,
      "childList": [],
      "categoryIconFileName": "",
      "categoryImageFileName": "",
      "isRoot": false,
      "CategoryProviderImage": null,
      "alternativeCategoryProviderID": null
    },
    "productDetails": {
      "allergenic": null,
      "textualNutrition": null,
      "ingredients": null,
      "storing": "",
      "consumption": "",
      "description": "Ob knackige Äpfel, saftige Tomaten oder saisonale Angebote – Eine vielfältige Auswahl an frischem Obst & Gemüse zum HOFER Preis. <br><br><a href=\"https://www.zurueckzumursprung.at\" target=\"_blank\">www.zurueckzumursprung.at</a>",
      "packageType": "",
      "serviceDepartment": "",
      "producerAddress": "",
      "supplierAddress": "",
      "supplierPhone": "",
      "supplierWeb": "",
      "manufacturer": null,
      "originCountry": "Österreich",
      "securityAlert": "",
      "preservedName": null,
      "attributes": null,
      "alcoholStr": null,
      "displayUnit": "Packung",
      "secondaryUnit": null,
      "secondaryUnitPrice": 0,
      "productSafetyContactEmail": null,
      "productSafetyContactName": null,
      "productSafetyContactAddress": null,
      "legalDisclaimer": null,
      "promotion": null
    },
    "basketItemID": null,
    "productName": "ZURÜCK ZUM URSPRUNG Äpfel 1,5kg",
    "brand": "ZURÜCK ZUM URSPRUNG",
    "mediaUrlS": "https://atproductimages.blob.core.windows.net/interface/thumbnail/c78cc26d1a6e43ff8e9836a4ba3e971a",
    "minWeightStep": 1,
    "isOffer": false,
    "maxWeightStep": 24,
    "startStepValue": -1,
    "depositFee": null,
    "isBulk": false,
    "selectedShopIsBulk": false,
    "sEOName": "ZZU-Aepfel-1-5kg",
    "categorySEOName": "sortiment",
    "categoryID": 1143,
    "minUnitPrice": 2.33,
    "unitPrice": 2.33,
    "priceUnitType": "Kg",
    "price": 3.49,
    "minPrice": 3.49,
    "isDiscountPPDD": null,
    "isDiscountPD": null,
    "description": "Ob knackige Äpfel, saftige Tomaten oder saisonale Angebote – Eine vielfältige Auswahl an frischem Obst & Gemüse zum HOFER Preis. <br><br><a href=\"https://www.zurueckzumursprung.at\" target=\"_blank\">www.zurueckzumursprung.at</a>",
    "legalDisclaimer": null,
    "mediaUrlM": "https://atproductimages.blob.core.windows.net/interface/medium/c78cc26d1a6e43ff8e9836a4ba3e971a",
    "mediaUrlL": "https://atproductimages.blob.core.windows.net/interface/large/c78cc26d1a6e43ff8e9836a4ba3e971a",
    "available": true,
    "providerAvailable": true,
    "galleryImageUrlList": null,
    "productMediaList": [
      {
        "MediaUrlL": "https://atproductimages.blob.core.windows.net/interface/large/d188de923d7944a6afcd978a6d497405"
      },
      {
        "MediaUrlL": "https://atproductimages.blob.core.windows.net/interface/large/7877f08ecffd43d9b3db343910b199dd"
      }
    ],
    "providerOrderNumber": 50,
    "manufacturer": null,
    "displayUnit": "Packung",
    "secondaryUnit": null,
    "secondaryUnitPrice": 0,
    "icons": [
      {
        "blobURL": "https://atweshopsiteimages.blob.core.windows.net/provider-icons/14_bio.png",
        "iconTooltip": "Bio"
      }
    ],
    "sEOTitle": null,
    "sEOMetaKeyWords": null,
    "sEOMetaDescripton": null,
    "selectedProviderCode": null,
    "originalPriceIfOffer": null,
    "offerValidTo": "2026-01-29T07:30:46.9504723",
    "originalUnitPriceIfOffer": null,
    "originalSecondaryUnitPriceIfOffer": null,
    "originalSecondaryUnitIfOffer": null,
    "rokshDiscountLevel": null,
    "rokshDiscountPrice": null,
    "rokshDiscountBasketValue": null,
    "isProductRokshDiscounted": false,
    "isOneProductForFree": false,
    "providerDepositProductDtoList": [],
    "productProviderID": 14,
    "spinViewerUrl": "",
    "productSafetyContactAddress": null,
    "productSafetyContactEmail": null,
    "productSafetyContactName": null,
    "productCLPList": []
  },
  {
    "productID": 548905,
    "productProvider": [
      {
        "product": null,
        "providerID": 14,
        "providerProductName": "ZURÜCK ZUM URSPRUNG Süßkartoffeln",
        "providerProductImageUrl": " https://s7g10.scene7.com/is/image/aldi/202210050000",
        "price": 4.49,
        "productID": 548905,
        "unit": "Kg",
        "unitPrice": "4.49",
        "unitPriceInt": 0,
        "minWeightStep": 0.5,
        "maxWeightStep": 10,
        "depositFee": null,
        "isBulk": true,
        "available": true,
        "shopAvailable": null,
        "displayUnit": "Kg",
        "secondaryUnit": null,
        "secondaryUnitPrice": 0,
        "packageQuantity": 1000,
        "packageBaseUnit": "gramm",
        "rokshDiscountPrice": null,
        "isOneProductForFree": false,
        "isOffer": false,
        "originalUnitPriceIfOffer": null,
        "originalPriceIfOffer": null,
        "originalSecondaryUnitPriceIfOffer": null,
        "originalSecondaryUnitIfOffer": null,
        "offerValidTo": null,
        "produceVariety": null,
        "qualityClass": "Klasse 1",
        "productProviderProviderDepositProducList": []
      }
    ],
    "category": {
      "categoryName": "Sortiment",
      "progID": "sortiment",
      "level": 2,
      "url": "/angebot///sortiment",
      "categoryID": 1143,
      "brandProviderID": 0,
      "parentCategory": null,
      "childList": [],
      "categoryIconFileName": "",
      "categoryImageFileName": "",
      "isRoot": false,
      "CategoryProviderImage": null,
      "alternativeCategoryProviderID": null
    },
    "productDetails": {
      "allergenic": null,
      "textualNutrition": null,
      "ingredients": null,
      "storing": "",
      "consumption": "",
      "description": "Ob knackige Äpfel, saftige Tomaten oder saisonale Angebote – Eine vielfältige Auswahl an frischem Obst & Gemüse zum HOFER Preis. <br><br><a href=\"https://www.zurueckzumursprung.at\" target=\"_blank\">www.zurueckzumursprung.at</a>",
      "packageType": "",
      "serviceDepartment": "",
      "producerAddress": "",
      "supplierAddress": "",
      "supplierPhone": "",
      "supplierWeb": "",
      "manufacturer": null,
      "originCountry": "Österreich",
      "securityAlert": "",
      "preservedName": null,
      "attributes": null,
      "alcoholStr": null,
      "displayUnit": "Kg",
      "secondaryUnit": null,
      "secondaryUnitPrice": 0,
      "productSafetyContactEmail": null,
      "productSafetyContactName": null,
      "productSafetyContactAddress": null,
      "legalDisclaimer": null,
      "promotion": null
    },
    "basketItemID": null,
    "productName": "ZURÜCK ZUM URSPRUNG Süßkartoffeln",
    "brand": "ZURÜCK ZUM URSPRUNG ",
    "mediaUrlS": "https://atproductimages.blob.core.windows.net/interface/thumbnail/54274e7ac74447fcb2e49b25fededbcc",
    "minWeightStep": 0.5,
    "isOffer": false,
    "maxWeightStep": 10,
    "startStepValue": 1,
    "depositFee": null,
    "isBulk": true,
    "selectedShopIsBulk": true,
    "sEOName": "ZURUCK-ZUM-URSPRUNG-Sußkartoffeln",
    "categorySEOName": "sortiment",
    "categoryID": 1143,
    "minUnitPrice": 4.49,
    "unitPrice": 4.49,
    "priceUnitType": "Kg",
    "price": 4.49,
    "minPrice": 4.49,
    "isDiscountPPDD": null,
    "isDiscountPD": null,
    "description": "Ob knackige Äpfel, saftige Tomaten oder saisonale Angebote – Eine vielfältige Auswahl an frischem Obst & Gemüse zum HOFER Preis. <br><br><a href=\"https://www.zurueckzumursprung.at\" target=\"_blank\">www.zurueckzumursprung.at</a>",
    "legalDisclaimer": null,
    "mediaUrlM": "https://atproductimages.blob.core.windows.net/interface/medium/54274e7ac74447fcb2e49b25fededbcc",
    "mediaUrlL": "https://atproductimages.blob.core.windows.net/interface/large/54274e7ac74447fcb2e49b25fededbcc",
    "available": true,
    "providerAvailable": true,
    "galleryImageUrlList": null,
    "productMediaList": [],
    "providerOrderNumber": 50,
    "manufacturer": null,
    "displayUnit": "Kg",
    "secondaryUnit": null,
    "secondaryUnitPrice": 0,
    "icons": [
      {
        "blobURL": "https://atweshopsiteimages.blob.core.windows.net/provider-icons/14_bio.png",
        "iconTooltip": "Bio"
      }
    ],
    "sEOTitle": null,
    "sEOMetaKeyWords": null,
    "sEOMetaDescripton": null,
    "selectedProviderCode": null,
    "originalPriceIfOffer": null,
    "offerValidTo": "2026-01-29T07:30:46.9554978",
    "originalUnitPriceIfOffer": null,
    "originalSecondaryUnitPriceIfOffer": null,
    "originalSecondaryUnitIfOffer": null,
    "rokshDiscountLevel": null,
    "rokshDiscountPrice": null,
    "rokshDiscountBasketValue": null,
    "isProductRokshDiscounted": false,
    "isOneProductForFree": false,
    "providerDepositProductDtoList": [],
    "productProviderID": 14,
    "spinViewerUrl": "",
    "productSafetyContactAddress": null,
    "productSafetyContactEmail": null,
    "productSafetyContactName": null,
    "productCLPList": []
  },
  {
    "productID": 548789,
    "productProvider": [
      {
        "product": null,
        "providerID": 14,
        "providerProductName": "ZURÜCK ZUM URSPRUNG Kräuterseitlinge 150g",
        "providerProductImageUrl": " https://s7g10.scene7.com/is/image/aldi/202208090035",
        "price": 3.29,
        "productID": 548789,
        "unit": "Kg",
        "unitPrice": "21.93",
        "unitPriceInt": 0,
        "minWeightStep": 1,
        "maxWeightStep": 24,
        "depositFee": null,
        "isBulk": false,
        "available": true,
        "shopAvailable": null,
        "displayUnit": "Packung",
        "secondaryUnit": null,
        "secondaryUnitPrice": 0,
        "packageQuantity": 150,
        "packageBaseUnit": "gramm",
        "rokshDiscountPrice": null,
        "isOneProductForFree": false,
        "isOffer": false,
        "originalUnitPriceIfOffer": null,
        "originalPriceIfOffer": null,
        "originalSecondaryUnitPriceIfOffer": null,
        "originalSecondaryUnitIfOffer": null,
        "offerValidTo": null,
        "produceVariety": null,
        "qualityClass": "Klasse 1",
        "productProviderProviderDepositProducList": []
      }
    ],
    "category": {
      "categoryName": "Sortiment",
      "progID": "sortiment",
      "level": 2,
      "url": "/angebot///sortiment",
      "categoryID": 1143,
      "brandProviderID": 0,
      "parentCategory": null,
      "childList": [],
      "categoryIconFileName": "",
      "categoryImageFileName": "",
      "isRoot": false,
      "CategoryProviderImage": null,
      "alternativeCategoryProviderID": null
    },
    "productDetails": {
      "allergenic": null,
      "textualNutrition": null,
      "ingredients": null,
      "storing": "",
      "consumption": "",
      "description": "Ob knackige Äpfel, saftige Tomaten oder saisonale Angebote – Eine vielfältige Auswahl an frischem Obst & Gemüse zum HOFER Preis. <br><br><a href=\"https://www.zurueckzumursprung.at\" target=\"_blank\">www.zurueckzumursprung.at</a>",
      "packageType": "",
      "serviceDepartment": "",
      "producerAddress": "",
      "supplierAddress": "",
      "supplierPhone": "",
      "supplierWeb": "",
      "manufacturer": null,
      "originCountry": "Österreich",
      "securityAlert": "",
      "preservedName": null,
      "attributes": null,
      "alcoholStr": null,
      "displayUnit": "Packung",
      "secondaryUnit": null,
      "secondaryUnitPrice": 0,
      "productSafetyContactEmail": null,
      "productSafetyContactName": null,
      "productSafetyContactAddress": null,
      "legalDisclaimer": null,
      "promotion": null
    },
    "basketItemID": null,
    "productName": "ZURÜCK ZUM URSPRUNG Kräuterseitlinge 150g",
    "brand": "ZURÜCK ZUM URSPRUNG",
    "mediaUrlS": "https://atproductimages.blob.core.windows.net/interface/thumbnail/836863e45fbf4ad2988fb49635126a7b",
    "minWeightStep": 1,
    "isOffer": false,
    "maxWeightStep": 24,
    "startStepValue": -1,
    "depositFee": null,
    "isBulk": false,
    "selectedShopIsBulk": false,
    "sEOName": "ZURUCK-ZUM-URSPRUNG-Krauterseitlinge-150g",
    "categorySEOName": "sortiment",
    "categoryID": 1143,
    "minUnitPrice": 21.93,
    "unitPrice": 21.93,
    "priceUnitType": "Kg",
    "price": 3.29,
    "minPrice": 3.29,
    "isDiscountPPDD": null,
    "isDiscountPD": null,
    "description": "Ob knackige Äpfel, saftige Tomaten oder saisonale Angebote – Eine vielfältige Auswahl an frischem Obst & Gemüse zum HOFER Preis. <br><br><a href=\"https://www.zurueckzumursprung.at\" target=\"_blank\">www.zurueckzumursprung.at</a>",
    "legalDisclaimer": null,
    "mediaUrlM": "https://atproductimages.blob.core.windows.net/interface/medium/836863e45fbf4ad2988fb49635126a7b",
    "mediaUrlL": "https://atproductimages.blob.core.windows.net/interface/large/836863e45fbf4ad2988fb49635126a7b",
    "available": true,
    "providerAvailable": true,
    "galleryImageUrlList": null,
    "productMediaList": [],
    "providerOrderNumber": 75,
    "manufacturer": null,
    "displayUnit": "Packung",
    "secondaryUnit": null,
    "secondaryUnitPrice": 0,
    "icons": [
      {
        "blobURL": "https://atweshopsiteimages.blob.core.windows.net/provider-icons/14_bio.png",
        "iconTooltip": "Bio"
      }
    ],
    "sEOTitle": null,
    "sEOMetaKeyWords": null,
    "sEOMetaDescripton": null,
    "selectedProviderCode": null,
    "originalPriceIfOffer": null,
    "offerValidTo": "2026-01-29T07:30:46.9549137",
    "originalUnitPriceIfOffer": null,
    "originalSecondaryUnitPriceIfOffer": null,
    "originalSecondaryUnitIfOffer": null,
    "rokshDiscountLevel": null,
    "rokshDiscountPrice": null,
    "rokshDiscountBasketValue": null,
    "isProductRokshDiscounted": false,
    "isOneProductForFree": false,
    "providerDepositProductDtoList": [],
    "productProviderID": 14,
    "spinViewerUrl": "",
    "productSafetyContactAddress": null,
    "productSafetyContactEmail": null,
    "productSafetyContactName": null,
    "productCLPList": []
  },
  {
    "productID": 547278,
    "productProvider": [
      {
        "product": null,
        "providerID": 14,
        "providerProductName": "ZURÜCK ZUM URSPRUNG Erdäpfel 3kg",
        "providerProductImageUrl": "https://s7g10.scene7.com/is/image/aldi/202110040501",
        "price": 3.98,
        "productID": 547278,
        "unit": "Kg",
        "unitPrice": "1.33",
        "unitPriceInt": 0,
        "minWeightStep": 1,
        "maxWeightStep": 24,
        "depositFee": null,
        "isBulk": false,
        "available": true,
        "shopAvailable": null,
        "displayUnit": "Packung",
        "secondaryUnit": null,
        "secondaryUnitPrice": 0,
        "packageQuantity": 3000,
        "packageBaseUnit": "gramm",
        "rokshDiscountPrice": null,
        "isOneProductForFree": false,
        "isOffer": false,
        "originalUnitPriceIfOffer": null,
        "originalPriceIfOffer": null,
        "originalSecondaryUnitPriceIfOffer": null,
        "originalSecondaryUnitIfOffer": null,
        "offerValidTo": null,
        "produceVariety": null,
        "qualityClass": "Klasse 2",
        "productProviderProviderDepositProducList": []
      }
    ],
    "category": {
      "categoryName": "Sortiment",
      "progID": "sortiment",
      "level": 2,
      "url": "/angebot///sortiment",
      "categoryID": 1143,
      "brandProviderID": 0,
      "parentCategory": null,
      "childList": [],
      "categoryIconFileName": "",
      "categoryImageFileName": "",
      "isRoot": false,
      "CategoryProviderImage": null,
      "alternativeCategoryProviderID": null
    },
    "productDetails": {
      "allergenic": null,
      "textualNutrition": null,
      "ingredients": null,
      "storing": "",
      "consumption": "",
      "description": "Ob knackige Äpfel, saftige Tomaten oder saisonale Angebote – Eine vielfältige Auswahl an frischem Obst & Gemüse zum HOFER Preis. <br><br><a href=\"https://www.zurueckzumursprung.at\" target=\"_blank\">www.zurueckzumursprung.at</a>",
      "packageType": "",
      "serviceDepartment": "",
      "producerAddress": "",
      "supplierAddress": "",
      "supplierPhone": "",
      "supplierWeb": "",
      "manufacturer": null,
      "originCountry": "Österreich",
      "securityAlert": "",
      "preservedName": null,
      "attributes": null,
      "alcoholStr": null,
      "displayUnit": "Packung",
      "secondaryUnit": null,
      "secondaryUnitPrice": 0,
      "productSafetyContactEmail": null,
      "productSafetyContactName": null,
      "productSafetyContactAddress": null,
      "legalDisclaimer": null,
      "promotion": null
    },
    "basketItemID": null,
    "productName": "ZURÜCK ZUM URSPRUNG Erdäpfel 3kg",
    "brand": "ZURÜCK ZUM URSPRUNG",
    "mediaUrlS": "https://atproductimages.blob.core.windows.net/interface/thumbnail/8c36ac2225b8416b8a5a59bc5330a326",
    "minWeightStep": 1,
    "isOffer": false,
    "maxWeightStep": 24,
    "startStepValue": -1,
    "depositFee": null,
    "isBulk": false,
    "selectedShopIsBulk": false,
    "sEOName": "ZZU-Erdaepfel-3kg",
    "categorySEOName": "sortiment",
    "categoryID": 1143,
    "minUnitPrice": 1.33,
    "unitPrice": 1.33,
    "priceUnitType": "Kg",
    "price": 3.98,
    "minPrice": 3.98,
    "isDiscountPPDD": null,
    "isDiscountPD": null,
    "description": "Ob knackige Äpfel, saftige Tomaten oder saisonale Angebote – Eine vielfältige Auswahl an frischem Obst & Gemüse zum HOFER Preis. <br><br><a href=\"https://www.zurueckzumursprung.at\" target=\"_blank\">www.zurueckzumursprung.at</a>",
    "legalDisclaimer": null,
    "mediaUrlM": "https://atproductimages.blob.core.windows.net/interface/medium/8c36ac2225b8416b8a5a59bc5330a326",
    "mediaUrlL": "https://atproductimages.blob.core.windows.net/interface/large/8c36ac2225b8416b8a5a59bc5330a326",
    "available": true,
    "providerAvailable": true,
    "galleryImageUrlList": null,
    "productMediaList": [
      {
        "MediaUrlL": "https://atproductimages.blob.core.windows.net/interface/large/abd48e41470640dba517abb2714f1478"
      }
    ],
    "providerOrderNumber": 75,
    "manufacturer": null,
    "displayUnit": "Packung",
    "secondaryUnit": null,
    "secondaryUnitPrice": 0,
    "icons": [
      {
        "blobURL": "https://atweshopsiteimages.blob.core.windows.net/provider-icons/14_bio.png",
        "iconTooltip": "Bio"
      }
    ],
    "sEOTitle": null,
    "sEOMetaKeyWords": null,
    "sEOMetaDescripton": null,
    "selectedProviderCode": null,
    "originalPriceIfOffer": null,
    "offerValidTo": "2026-01-29T07:30:46.9490394",
    "originalUnitPriceIfOffer": null,
    "originalSecondaryUnitPriceIfOffer": null,
    "originalSecondaryUnitIfOffer": null,
    "rokshDiscountLevel": null,
    "rokshDiscountPrice": null,
    "rokshDiscountBasketValue": null,
    "isProductRokshDiscounted": false,
    "isOneProductForFree": false,
    "providerDepositProductDtoList": [],
    "productProviderID": 14,
    "spinViewerUrl": "",
    "productSafetyContactAddress": null,
    "productSafetyContactEmail": null,
    "productSafetyContactName": null,
    "productCLPList": []
  }
]